@book{Meyer09,
 author    = {B. Meyer},
 title    = {Touch of Class},
 publisher   =  {Springer},
 year    = {2009}
} 



@misc{EcmaEiffel,
 title = {{Eiffel ECMA-367 Standard}},
 note = {http://www.ecma-international.org/publications/standards/Ecma-367.htm}
}

@misc{MySQL,
 title = {{MySQL}},
 note = {http://www.mysql.com/}
}


@misc{ORImpedance,
 title = {{The Object-Relational Impedance Mismatch}},
 author = {Scott W. Ambler},
 note = {http://www.agiledata.org/essays/impedanceMismatch.html}
}

@misc{Oracle,
 title = {Oracle},
 note = {http://www.oracle.com/}
}

@misc{SQLite,
 title = {{SQLite}},
 note = {http://www.sqlite.org/}
}

@misc{AmblerORM,
 title = {{Mapping Objects to Relational Databases: O/R Mapping In Detail}},
 author = {Scott W. Ambler},
 note = {http://www.agiledata.org/essays/mappingObjects.html}
}

@misc{db4o,
 title = {db4o},
 note = {http://db4o.com/}
}

@article{PiccioniOriolMeyer12,
author = {Marco Piccioni and Manuel Oriol and Bertrand Meyer},
title = {Class Schema Evolution for Persistent Object-Oriented Software: Model, Empirical Study, and Automated Support},
journal = {IEEE Transactions on Software Engineering  (to appear)},
 year = {2013}
}
